Account Name       :                	Mr. SOMASUNDARAM  S
Address            :	37A
                                    	
                                    	VAKKIL STREET ,KOVILPATTI-628501
                                    	Thoothukkudi
Date               :                	22 Jan 2024
Account Number     :	_00000011058322066
Account Description:	REGULAR SB CHQ-INDIVIDUALS
Branch             :	KOVILPATTI
Drawing Power      :	0.00
Interest Rate(% p.a.):	2.7
MOD Balance      :	0.00
CIF No.          :	_80854449050
IFS (Indian Financial System) Code         :	SBIN0000859
MICR (Magnetic Ink Character Recognition)  Code        :	_627002011
Nomination Registered    :	Yes 
Balance on 1 Apr 2023        :	1,91,322.88
Start Date          :	1 Apr 2023
End Date            :	22 Jan 2024
Txn Date	Value Date	Description	Ref No./Cheque No.	        Debit	Credit	Balance	
2 Apr 2023	2 Apr 2023	   Annual Locker Charge-LOCKER RENT--	TRANSFER TO 98324008595	1,328.00	 	1,89,994.88
3 Apr 2023	3 Apr 2023	   BY TRANSFER-NEFT*RBIS0GOTNEP*RBI0932389658554*GOVT OF TAMILNAD--	TRANSFER FROM 4697199044308	 	44,048.00	2,34,042.88
5 Apr 2023	5 Apr 2023	   by debit card-OTHPG 734325      RAZ*Lakshmi Marketing Chennai--		1,949.00	 	2,32,093.88
14 Apr 2023	14 Apr 2023	   ATM WDL-ATM CASH 7742  SBI KOVILPATTI        THOOTHUKKUDI--		20,000.00	 	2,12,093.88
15 Apr 2023	15 Apr 2023	   ATM WDL-ATM CASH 373   PASUVANDANAI ROAD,KOVIKOVILPATTI--		20,000.00	 	1,92,093.88
20 Apr 2023	20 Apr 2023	   ATM WDL-ATM CASH 1582  PASUVANDANAI ROAD,KOVIKOVILPATTI--		20,000.00	 	1,72,093.88
22 Apr 2023	22 Apr 2023	   ATM WDL-ATM CASH 1917  PASUVANDANAI ROAD,KOVIKOVILPATTI--		20,000.00	 	1,52,093.88
22 Apr 2023	22 Apr 2023	   BY TRANSFER-INB IMPS311211315770/9629221045/XX4121/bhuvana--	MAB001179826086          MAB001179826086          	 	1,200.00	1,53,293.88
28 Apr 2023	28 Apr 2023	   BY TRANSFER-NEFT*RBIS0GOTNEP*RBI1182321849148*GOVT OF TAMILNAD--	TRANSFER FROM 4697213044305	 	44,048.00	1,97,341.88
2 May 2023	2 May 2023	   ATM WDL-ATM CASH 4339  PASUVANDANAI ROAD,KOVIKOVILPATTI--		20,000.00	 	1,77,341.88
5 May 2023	5 May 2023	   ATM WDL-ATM CASH 4947  PASUVANDANAI ROAD,KOVIKOVILPATTI--		20,000.00	 	1,57,341.88
11 May 2023	11 May 2023	   ATM WDL-ATM CASH 5949  PASUVANDANAI ROAD,KOVIKOVILPATTI--		20,000.00	 	1,37,341.88
13 May 2023	13 May 2023	   ATM WDL-ATM CASH 6412  PASUVANDANAI ROAD,KOVIKOVILPATTI--		20,000.00	 	1,17,341.88
16 May 2023	16 May 2023	   BY TRANSFER-NEFT*UTIB0002672*AXMB231364906294*ANBARASAN A*--	TRANSFER FROM 4697180044308	 	3,000.00	1,20,341.88
16 May 2023	16 May 2023	   BY TRANSFER-NEFT*UTIB0002672*AXMB231364925802*ANBARASAN A*--	TRANSFER FROM 4697203044306	 	3,000.00	1,23,341.88
17 May 2023	17 May 2023	   ATM WDL-ATM CASH 7196  PASUVANDANAI ROAD,KOVIKOVILPATTI--		20,000.00	 	1,03,341.88
20 May 2023	20 May 2023	   ATM WDL-ATM CASH 9740  SBI KOVILPATTI        THOOTHUKKUDI--		20,000.00	 	83,341.88
25 May 2023	25 May 2023	   ATM WDL-ATM CASH 1433  SBI KOVILPATTI        THOOTHUKKUDI--		20,000.00	 	63,341.88
31 May 2023	31 May 2023	   BY TRANSFER-NEFT*RBIS0GOTNEP*RBI1512381387200*GOVT OF TAMILNAD--	TRANSFER FROM 4697215044303	 	45,744.00	1,09,085.88
31 May 2023	31 May 2023	   BY TRANSFER-NEFT*RBIS0GOTNEP*RBI1522383912078*GOVT OF TAMILNAD--	TRANSFER FROM 3199681044308	 	1,696.00	1,10,781.88
3 Jun 2023	3 Jun 2023	   ATM WDL-ATM CASH 5388  SBI KOVILPATTI        THOOTHUKKUDI--		20,000.00	 	90,781.88
13 Jun 2023	13 Jun 2023	   ATM WDL-ATM CASH 9459  SBI KOVILPATTI        THOOTHUKKUDI--		20,000.00	 	70,781.88
14 Jun 2023	14 Jun 2023	   BY TRANSFER-INB IMPS316511069917/8754041462/XX6993/NA--	MAB001211432624          MAB001211432624          	 	3,000.00	73,781.88
15 Jun 2023	15 Jun 2023	   ATM WDL-ATM CASH 445   SBI KOVILPATTI        THOOTHUKKUDI--		20,000.00	 	53,781.88
17 Jun 2023	17 Jun 2023	   ATM WDL-ATM CASH 3944  PASUVANDANAI ROAD,KOVIKOVILPATTI--		20,000.00	 	33,781.88
19 Jun 2023	19 Jun 2023	   CASH DEPOSIT-CASH DEPOSIT SELF--		 	40,000.00	73,781.88
19 Jun 2023	19 Jun 2023	CHEQUE WDL---757107	TRANSFER FROM 40221418463                          / 757107	64,150.00	 	9,631.88
22 Jun 2023	22 Jun 2023	   BY TRANSFER---	TRANSFER FROM 39397954592                         	 	23,52,179.00	23,61,810.88
22 Jun 2023	22 Jun 2023	   BY TRANSFER---	TRANSFER FROM 39397954036                         	 	23,52,179.00	47,13,989.88
22 Jun 2023	22 Jun 2023	   TO TRANSFER-INB NEFT UTR NO: SBIN423173955483--Anbarasan A	NEFT INB: IRW4418461                               / Anbarasan A	5,00,000.00	 	42,13,989.88
25 Jun 2023	25 Jun 2023	   CREDIT INTEREST---		 	2,149.00	42,16,138.88
27 Jun 2023	27 Jun 2023	   TO TRANSFER-INB RTGS UTR NO: SBINR12023062757448838--Anbarasan A	RTGS INB: IRW4641821                               / Anbarasan A	10,00,000.00	 	32,16,138.88
30 Jun 2023	30 Jun 2023	   TO TRANSFER-INB RTGS UTR NO: SBINR12023063058011848--Anbarasan A	RTGS INB: IRW4811076                               / Anbarasan A	10,00,000.00	 	22,16,138.88
30 Jun 2023	30 Jun 2023	   BY TRANSFER-NEFT*RBIS0GOTNEP*RBI1812330443687*GOVT OF TAMILNAD--	TRANSFER FROM 4697198044309	 	45,744.00	22,61,882.88
1 Jul 2023	1 Jul 2023	   ATM WDL-ATM CASH 6351  SBI KOVILPATTI        THOOTHUKKUDI--		20,000.00	 	22,41,882.88
3 Jul 2023	3 Jul 2023	   ATM WDL-ATM CASH 7108  PASUVANDANAI ROAD,KOVIKOVILPATTI--		20,000.00	 	22,21,882.88
4 Jul 2023	4 Jul 2023	   TO TRANSFER-INB RTGS UTR NO: SBINR12023070458863659--Anbarasan A	RTGS INB: IRW5234642                               / Anbarasan A	10,00,000.00	 	12,21,882.88
11 Jul 2023	11 Jul 2023	   ATM WDL-ATM CASH 7000  KOVILPATTI 623        KOVILPATTI--		20,000.00	 	12,01,882.88
17 Jul 2023	17 Jul 2023	   BY TRANSFER-INB IMPS319816906584/9445297380/XX0255/VGHS75cont--	MAA001352491157          MAA001352491157          	 	10,000.00	12,11,882.88
18 Jul 2023	18 Jul 2023	   BY TRANSFER-SBILT18072023232543643168-School reunion--	TRANSFER FROM 10031653959                         	 	1.00	12,11,883.88
18 Jul 2023	18 Jul 2023	   BY TRANSFER-SBILT18072023232924121238-School reunion--	TRANSFER FROM 10031653959                         	 	20,000.00	12,31,883.88
19 Jul 2023	19 Jul 2023	   BY TRANSFER-UPI/CR/320012238829/RAJENDRA/SBIN/rajendranp/UPI--	TRANSFER FROM 4897734162099	 	10,000.00	12,41,883.88
19 Jul 2023	19 Jul 2023	   BY TRANSFER-SBILT19072023181940588442-Transfer to fa--	TRANSFER FROM 10192656569                         	 	5,000.00	12,46,883.88
19 Jul 2023	19 Jul 2023	   BY TRANSFER-UPI/CR/320063362817/THAI TRA/HDFC/thaitrader/SELVA--	TRANSFER FROM 4897734162099	 	10,000.00	12,56,883.88
20 Jul 2023	20 Jul 2023	   BY TRANSFER-INB IMPS320109715945/9952187174/XX4326/Gift to re--	MAF000339560181          MAF000339560181          	 	10,000.00	12,66,883.88
20 Jul 2023	20 Jul 2023	CASH CHEQUE-CASH WITHDRAWAL BY CHQ--757108	757108	2,50,000.00	 	10,16,883.88
20 Jul 2023	20 Jul 2023	   BY TRANSFER-UPI/CR/320158395327/MURUGAPO/SBIN/myandroido/UPI--	TRANSFER FROM 4897735162098	 	5,000.00	10,21,883.88
23 Jul 2023	23 Jul 2023	   BY TRANSFER-UPI/CR/320493940214/THAI TRA/HDFC/thaitrader/UPI--	TRANSFER FROM 4897738162095	 	5,000.00	10,26,883.88
24 Jul 2023	24 Jul 2023	   BY TRANSFER-NEFT*IOBA0001385*IOBAN23205331458*V GENGANNA*--	TRANSFER FROM 4697221044305	 	4,000.00	10,30,883.88
27 Jul 2023	27 Jul 2023	   BY TRANSFER-INB 1249023120892729-694095--	DC165627284              TRANSFER FROM 67278597320	 	10,000.00	10,40,883.88
29 Jul 2023	29 Jul 2023	   ATM WDL-ATM CASH 2374  PASUVANDANAI ROAD,KOVIKOVILPATTI--		20,000.00	 	10,20,883.88
31 Jul 2023	31 Jul 2023	   ATM WDL-ATM CASH 9353  SBI KOVILPATTI        THOOTHUKKUDI--		20,000.00	 	10,00,883.88
31 Jul 2023	31 Jul 2023	   BY TRANSFER-NEFT*RBIS0GOTNEP*RBI2122392454206*GOVT OF TAMILNAD--	TRANSFER FROM 4697227044309	 	45,744.00	10,46,627.88
31 Jul 2023	31 Jul 2023	   BY TRANSFER-SBILT31072023133822758120-Transfer to fa--	TRANSFER FROM 11008478193                         	 	5,000.00	10,51,627.88
31 Jul 2023	31 Jul 2023	   BY TRANSFER-UPI/CR/321217992222/MURUGAPO/SBIN/myandroido/UPI--	TRANSFER FROM 4897732162091	 	5,000.00	10,56,627.88
1 Aug 2023	1 Aug 2023	   ATM WDL-ATM CASH 9863  SBI KOVILPATTI        THOOTHUKKUDI--		20,000.00	 	10,36,627.88
3 Aug 2023	3 Aug 2023	   BY TRANSFER-NEFT*IDIB000B027*IDIBH23215219232*Subramanian Pitc--	TRANSFER FROM 4697176044305	 	5,000.00	10,41,627.88
4 Aug 2023	4 Aug 2023	   ATM WDL-ATM CASH 3850  PASUVANDANAI ROAD,KOVIKOVILPATTI--		20,000.00	 	10,21,627.88
5 Aug 2023	5 Aug 2023	   ATM WDL-ATM CASH 4121  PASUVANDANAI ROAD,KOVIKOVILPATTI--		20,000.00	 	10,01,627.88
5 Aug 2023	5 Aug 2023	   BY TRANSFER-UPI/CR/358359012912/MUTHURAM/CNRB/gmraman.19/By Mu--	TRANSFER FROM 4897737162096	 	5,000.00	10,06,627.88
10 Aug 2023	10 Aug 2023	   BY TRANSFER-NEFT*IOBA0001018*IOBAN23222330556*PRIYATHARSIKA  K--	TRANSFER FROM 4697216044302	 	100.00	10,06,727.88
10 Aug 2023	10 Aug 2023	   BY TRANSFER-NEFT*IOBA0001018*IOBAN23222586744*PRIYATHARSIKA  K--	TRANSFER FROM 3199957044306	 	3,900.00	10,10,627.88
11 Aug 2023	11 Aug 2023	   BY TRANSFER-Transfer through GCC--	TRANSFER FROM 20188589499                         	 	2,000.00	10,12,627.88
18 Aug 2023	18 Aug 2023	   ATM WDL-ATM CASH 7990  SBI KOVILPATTI        THOOTHUKKUDI--		20,000.00	 	9,92,627.88
31 Aug 2023	31 Aug 2023	   BY TRANSFER-NEFT*RBIS0GOTNEP*RBI2432348578747*GOVT OF TAMILNAD--	TRANSFER FROM 3199682044307	 	45,744.00	10,38,371.88
7 Sep 2023	7 Sep 2023	   ATM WDL-ATM CASH 3364  KOVILPATTI RAILWAY STAKOVILPATTI--		20,000.00	 	10,18,371.88
12 Sep 2023	12 Sep 2023	   ATM WDL-ATM CASH 1331  PASUVANDANAI ROAD,KOVIKOVILPATTI--		20,000.00	 	9,98,371.88
13 Sep 2023	13 Sep 2023	   ATM WDL-ATM CASH 1612  PASUVANDANAI ROAD,KOVIKOVILPATTI--		20,000.00	 	9,78,371.88
15 Sep 2023	15 Sep 2023	   ATM WDL-ATM CASH 5113  KOVILPATTI RAILWAY STAKOVILPATTI--		20,000.00	 	9,58,371.88
21 Sep 2023	21 Sep 2023	   ATM WDL-ATM CASH 6237  KOVILPATTI RAILWAY STAKOVILPATTI--		20,000.00	 	9,38,371.88
23 Sep 2023	23 Sep 2023	   ATM WDL-ATM CASH 6570  KOVILPATTI RAILWAY STAKOVILPATTI--		20,000.00	 	9,18,371.88
25 Sep 2023	25 Sep 2023	   ATM WDL-ATM CASH 6943  KOVILPATTI RAILWAY STAKOVILPATTI--		20,000.00	 	8,98,371.88
25 Sep 2023	25 Sep 2023	   CREDIT INTEREST---		 	8,175.00	9,06,546.88
26 Sep 2023	26 Sep 2023	   ATM WDL-ATM CASH 7173  KOVILPATTI RAILWAY STAKOVILPATTI--		20,000.00	 	8,86,546.88
28 Sep 2023	28 Sep 2023	   ATM WDL-ATM CASH 2971  PASUVANDANAI ROAD,KOVIKOVILPATTI--		20,000.00	 	8,66,546.88
29 Sep 2023	29 Sep 2023	   ATM WDL-ATM CASH 3148  PASUVANDANAI ROAD,KOVIKOVILPATTI--		20,000.00	 	8,46,546.88
29 Sep 2023	29 Sep 2023	   BY TRANSFER-NEFT*RBIS0GOTNEP*RBI2722396547815*GOVT OF TAMILNAD--	TRANSFER FROM 3199681044308	 	45,744.00	8,92,290.88
30 Sep 2023	30 Sep 2023	   ATM WDL-ATM CASH 3455  PASUVANDANAI ROAD,KOVIKOVILPATTI--		20,000.00	 	8,72,290.88
10 Oct 2023	10 Oct 2023	   ATM WDL-ATM CASH 480   KOVILPATTI RAILWAY STAKOVILPATTI--		20,000.00	 	8,52,290.88
12 Oct 2023	12 Oct 2023	   ATM WDL-ATM CASH 9649  SBI KOVILPATTI        THOOTHUKKUDI--		20,000.00	 	8,32,290.88
21 Oct 2023	21 Oct 2023	   ATM WDL-ATM CASH 2578  KOVILPATTI RAILWAY STAKOVILPATTI--		20,000.00	 	8,12,290.88
26 Oct 2023	26 Oct 2023	   BY TRANSFER-INB Gift to relatives / Friends--	IT00SUDJV0               TRANSFER FROM 20032802963	 	1,001.00	8,13,291.88
26 Oct 2023	26 Oct 2023	   BY TRANSFER-UPI/CR/329950291933/S AND S /KVBL/ramy703-1@/Funct--	TRANSFER FROM 4897735162098	 	2,000.00	8,15,291.88
31 Oct 2023	31 Oct 2023	   BY TRANSFER-NEFT*RBIS0GOTNEP*RBI3042362499655*GOVT OF TAMILNAD--	TRANSFER FROM 4697211044307	 	45,744.00	8,61,035.88
9 Nov 2023	9 Nov 2023	CASH CHEQUE-CASH WITHDRAWAL BY CHQ--757109	757109	3,00,000.00	 	5,61,035.88
10 Nov 2023	10 Nov 2023	   BY TRANSFER-NEFT*RBIS0GOTNEP*RBI3152398757176*GOVT OF TAMILNAD--	TRANSFER FROM 4697185044304	 	6,788.00	5,67,823.88
23 Nov 2023	23 Nov 2023	   ATM WDL-ATM CASH 1485  PASUVANDANAI ROAD,KOVIKOVILPATTI--		20,000.00	 	5,47,823.88
24 Nov 2023	24 Nov 2023	   ATM WDL-ATM CASH 1725  PASUVANDANAI ROAD,KOVIKOVILPATTI--		20,000.00	 	5,27,823.88
30 Nov 2023	30 Nov 2023	   BY TRANSFER-NEFT*RBIS0GOTNEP*RBI3342320463187*GOVT OF TAMILNAD--	TRANSFER FROM 3199417044302	 	47,441.00	5,75,264.88
11 Dec 2023	11 Dec 2023	   ATM WDL-ATM CASH 3571  KOVILPATTI RAILWAY STAKOVILPATTI--		20,000.00	 	5,55,264.88
13 Dec 2023	13 Dec 2023	   by debit card-SBIPOS004877600850TACTV                  TUTICORIN--		50.00	 	5,55,214.88
13 Dec 2023	13 Dec 2023	   by debit card-SBIPOS004877620573TACTV                  TUTICORIN--		50.00	 	5,55,164.88
13 Dec 2023	13 Dec 2023	   by debit card-SBIPOS004877657119TACTV                  TUTICORIN--		100.00	 	5,55,064.88
13 Dec 2023	13 Dec 2023	   REVERSE POS PUR---		 	100.00	5,55,164.88
13 Dec 2023	13 Dec 2023	   by debit card-SBIPOS004877657773TACTV                  TUTICORIN--		100.00	 	5,55,064.88
14 Dec 2023	14 Dec 2023	   BY TRANSFER-UPI/CR/334844557842/S AND S /KVBL/ramy703-1@/Ramas--	TRANSFER FROM 4897735162098	 	500.00	5,55,564.88
25 Dec 2023	25 Dec 2023	   CREDIT INTEREST---		 	4,709.00	5,60,273.88
29 Dec 2023	29 Dec 2023	   BY TRANSFER-NEFT*RBIS0GOTNEP*RBI3632368737859*GOVT OF TAMILNAD--	TRANSFER FROM 4697194044303	 	47,441.00	6,07,714.88
2 Jan 2024	2 Jan 2024	   ATM WDL-ATM CASH 8841  PASUVANDANAI ROAD,KOVIKOVILPATTI--		20,000.00	 	5,87,714.88
7 Jan 2024	7 Jan 2024	   ATM WDL-ATM CASH 139   PASUVANDANAI ROAD,KOVIKOVILPATTI--		20,000.00	 	5,67,714.88
22 Jan 2024	22 Jan 2024	   TO TRANSFER-INB NEFT UTR NO: SBIN524022235967--Anbarasan A	NEFT INB: IRX8146343                               / Anbarasan A	1,00,000.00	 	4,67,714.88

**This is a computer generated statement and does not require a signature

